@article{kurdila1995persistency,
  title={Persistency of excitation in identification using radial basis function approximants},
  author={Kurdila, AJ and Narcowich, Francis J and Ward, Joseph D},
  journal={SIAM journal on control and optimization},
  volume={33},
  number={2},
  pages={625--642},
  year={1995},
  publisher={SIAM}
}

@article{park1991universal,
	title={Universal approximation using radial-basis-function networks},
	author={Park, Jooyoung and Sandberg, Irwin W},
	journal={Neural computation},
	volume={3},
	number={2},
	pages={246--257},
	year={1991},
	publisher={MIT Press}
}

@article{bechlioulis2008robust,
	title={Robust adaptive control of feedback linearizable MIMO nonlinear systems with prescribed performance},
	author={Bechlioulis, Charalampos P and Rovithakis, George A},
	journal={IEEE Transactions on Automatic Control},
	volume={53},
	number={9},
	pages={2090--2099},
	year={2008},
	publisher={IEEE}
}

@inproceedings{green1985persistence,
	title={Persistence of excitation in linear systems},
	author={Green, Michael and Moore, John B},
	booktitle={American Control Conference, 1985},
	pages={412--417},
	year={1985},
	organization={IEEE}
}

@article{miyamoto1988feedback,
	title={Feedback-error-learning neural network for trajectory control of a robotic manipulator},
	author={Miyamoto, Hiroyuki and Kawato, Mitsuo and Setoyama, Tohru and Suzuki, Ryoji},
	journal={Neural networks},
	volume={1},
	number={3},
	pages={251--265},
	year={1988},
	publisher={Elsevier}
}

@article{lu1998robust,
	title={Robust nonlinear system identification using neural-network models},
	author={Lu, Songwu and Basar, Tamer},
	journal={IEEE Transactions on Neural networks},
	volume={9},
	number={3},
	pages={407--429},
	year={1998},
	publisher={IEEE}
}

@inproceedings{sanner1992stable,
	title={Stable recursive identification using radial basis function networks},
	author={Sanner, Robert M and Slotine, Jean-Jacques E},
	booktitle={American Control Conference, 1992},
	pages={1829--1833},
	year={1992},
	organization={IEEE}
}

@article{yuan2011persistency,
	title={Persistency of excitation and performance of deterministic learning},
	author={Yuan, Chengzhi and Wang, Cong},
	journal={Systems \& Control Letters},
	volume={60},
	number={12},
	pages={952--959},
	year={2011},
	publisher={Elsevier}
}

@article{zheng2017relationship,
	title={Relationship Between Persistent Excitation Levels and RBF Network Structures, With Application to Performance Analysis of Deterministic Learning},
	author={Zheng, Tongjia and Wang, Cong},
	journal={IEEE transactions on cybernetics},
	volume={47},
	number={10},
	pages={3380--3392},
	year={2017},
	publisher={IEEE}
}
